@inproceedings{socher2012semantic,
  title={Semantic compositionality through recursive matrix-vector spaces},
  author={Socher, Richard and Huval, Brody and Manning, Christopher D and Ng, Andrew Y},
  booktitle={Proceedings of the 2012 joint conference on empirical methods in natural language processing and computational natural language learning},
  pages={1201--1211},
  year={2012},
  organization={Association for Computational Linguistics}
}
@inproceedings{zhang2015bidirectional,
  title={Bidirectional long short-term memory networks for relation classification},
  author={Zhang, Shu and Zheng, Dequan and Hu, Xinchen and Yang, Ming},
  booktitle={Proceedings of the 29th Pacific Asia conference on language, information and computation},
  pages={73--78},
  year={2015}
}
@inproceedings{zhou2016attention,
  title={Attention-based bidirectional long short-term memory networks for relation classification},
  author={Zhou, Peng and Shi, Wei and Tian, Jun and Qi, Zhenyu and Li, Bingchen and Hao, Hongwei and Xu, Bo},
  booktitle={Proceedings of the 54th Annual Meeting of the Association for Computational Linguistics (Volume 2: Short Papers)},
  pages={207--212},
  year={2016}
}
@inproceedings{xiao2016semantic,
  title={Semantic relation classification via hierarchical recurrent neural network with attention},
  author={Xiao, Minguang and Liu, Cong},
  booktitle={Proceedings of COLING 2016, the 26th International Conference on Computational Linguistics: Technical Papers},
  pages={1254--1263},
  year={2016}
}
@article{lee2019semantic,
  title={Semantic Relation Classification via Bidirectional LSTM Networks with Entity-Aware Attention Using Latent Entity Typing},
  author={Lee, Joohong and Seo, Sangwoo and Choi, Yong Suk},
  journal={Symmetry},
  volume={11},
  number={6},
  pages={785},
  year={2019},
  publisher={Multidisciplinary Digital Publishing Institute}
}
@article{zeng2014relation,
  title={Relation classification via convolutional deep neural network},
  author={Zeng, Daojian and Liu, Kang and Lai, Siwei and Zhou, Guangyou and Zhao, Jun and others},
  year={2014}
}
@article{wang2016relation,
  title={Relation classification via multi-level attention cnns},
  author={Wang, Linlin and Cao, Zhu and De Melo, Gerard and Liu, Zhiyuan},
  year={2016},
  publisher={Tsinghua University, Beijing}
}
@article{liu2015dependency,
  title={A dependency-based neural network for relation classification},
  author={Liu, Yang and Wei, Furu and Li, Sujian and Ji, Heng and Zhou, Ming and Wang, Houfeng},
  journal={arXiv preprint arXiv:1507.04646},
  year={2015}
}
@inproceedings{cai2016bidirectional,
  title={Bidirectional recurrent convolutional neural network for relation classification},
  author={Cai, Rui and Zhang, Xiaodong and Wang, Houfeng},
  booktitle={Proceedings of the 54th Annual Meeting of the Association for Computational Linguistics (Volume 1: Long Papers)},
  pages={756--765},
  year={2016}
}
@article{wu2019enriching,
  title={Enriching Pre-trained Language Model with Entity Information for Relation Classification},
  author={Wu, Shanchan and He, Yifan},
  journal={arXiv preprint arXiv:1905.08284},
  year={2019}
}
@article{miwa2016end,
  title={End-to-end relation extraction using lstms on sequences and tree structures},
  author={Miwa, Makoto and Bansal, Mohit},
  journal={arXiv preprint arXiv:1601.00770},
  year={2016}
}
@inproceedings{katiyar2017going,
  title={Going out on a limb: Joint extraction of entity mentions and relations without dependency trees},
  author={Katiyar, Arzoo and Cardie, Claire},
  booktitle={Proceedings of the 55th Annual Meeting of the Association for Computational Linguistics (Volume 1: Long Papers)},
  pages={917--928},
  year={2017}
}
@inproceedings{mintz2009distant,
  title={Distant supervision for relation extraction without labeled data},
  author={Mintz, Mike and Bills, Steven and Snow, Rion and Jurafsky, Dan},
  booktitle={Proceedings of the Joint Conference of the 47th Annual Meeting of the ACL and the 4th International Joint Conference on Natural Language Processing of the AFNLP: Volume 2-Volume 2},
  pages={1003--1011},
  year={2009},
  organization={Association for Computational Linguistics}
}
@inproceedings{zeng-etal-2015-distant,
    title = "Distant Supervision for Relation Extraction via Piecewise Convolutional Neural Networks",
    author = "Zeng, Daojian  and
      Liu, Kang  and
      Chen, Yubo  and
      Zhao, Jun",
    booktitle = "Proceedings of the 2015 Conference on Empirical Methods in Natural Language Processing",
    month = sep,
    year = "2015",
    address = "Lisbon, Portugal",
    publisher = "Association for Computational Linguistics",
    url = "https://www.aclweb.org/anthology/D15-1203",
    doi = "10.18653/v1/D15-1203",
    pages = "1753--1762",
}
@inproceedings{lin2016neural,
  title={Neural relation extraction with selective attention over instances},
  author={Lin, Yankai and Shen, Shiqi and Liu, Zhiyuan and Luan, Huanbo and Sun, Maosong},
  booktitle={Proceedings of the 54th Annual Meeting of the Association for Computational Linguistics (Volume 1: Long Papers)},
  pages={2124--2133},
  year={2016}
}
@inproceedings{phi2018ranking,
  title={Ranking-Based Automatic Seed Selection and Noise Reduction for Weakly Supervised Relation Extraction},
  author={Phi, Van-Thuy and Santoso, Joan and Shimbo, Masashi and Matsumoto, Yuji},
  booktitle={Proceedings of the 56th Annual Meeting of the Association for Computational Linguistics (Volume 2: Short Papers)},
  pages={89--95},
  year={2018}
}
@article{guo2019attention,
  title={Attention Guided Graph Convolutional Networks for Relation Extraction},
  author={Guo, Zhijiang and Zhang, Yan and Lu, Wei},
  journal={arXiv preprint arXiv:1906.07510},
  year={2019}
}
@article{xu2019relation,
  title={Relation Embedding with Dihedral Group in Knowledge Graph},
  author={Xu, Canran and Li, Ruijiang},
  journal={arXiv preprint arXiv:1906.00687},
  year={2019}
}
@article{chen2019global,
  title={Global Textual Relation Embedding for Relational Understanding},
  author={Chen, Zhiyu and Zha, Hanwen and Liu, Honglei and Chen, Wenhu and Yan, Xifeng and Su, Yu},
  journal={arXiv preprint arXiv:1906.00550},
  year={2019}
}
@article{zhu2019graph,
  title={Graph Neural Networks with Generated Parameters for Relation Extraction},
  author={Zhu, Hao and Lin, Yankai and Liu, Zhiyuan and Fu, Jie and Chua, Tat-seng and Sun, Maosong},
  journal={arXiv preprint arXiv:1902.00756},
  year={2019}
}
@article{li2019entity,
  title={Entity-Relation Extraction as Multi-Turn Question Answering},
  author={Li, Xiaoya and Yin, Fan and Sun, Zijun and Li, Xiayu and Yuan, Arianna and Chai, Duo and Zhou, Mingxin and Li, Jiwei},
  journal={arXiv preprint arXiv:1905.05529},
  year={2019}
}
@article{ye2019exploiting,
  title={Exploiting Entity BIO Tag Embeddings and Multi-task Learning for Relation Extraction with Imbalanced Data},
  author={Ye, Wei and Li, Bo and Xie, Rui and Sheng, Zhonghao and Chen, Long and Zhang, Shikun},
  journal={arXiv preprint arXiv:1906.08931},
  year={2019}
}
@article{wang2019extracting,
  title={Extracting Multiple-Relations in One-Pass with Pre-Trained Transformers},
  author={Wang, Haoyu and Tan, Ming and Yu, Mo and Chang, Shiyu and Wang, Dakuo and Xu, Kun and Guo, Xiaoxiao and Potdar, Saloni},
  journal={arXiv preprint arXiv:1902.01030},
  year={2019}
}
@article{alt2019fine,
  title={Fine-tuning Pre-Trained Transformer Language Models to Distantly Supervised Relation Extraction},
  author={Alt, Christoph and H{\"u}bner, Marc and Hennig, Leonhard},
  journal={arXiv preprint arXiv:1906.08646},
  year={2019}
}
@article{fugraphrel,
  title={GraphRel: Modeling Text as Relational Graphs for Joint Entity and Relation Extraction},
  author={Fu, Tsu-Jui and Li, Peng-Hsuan and Ma, Wei-Yun}
}
@article{ye2019multi,
  title={Multi-Level Matching and Aggregation Network for Few-Shot Relation Classification},
  author={Ye, Zhi-Xiu and Ling, Zhen-Hua},
  journal={arXiv preprint arXiv:1906.06678},
  year={2019}
}
@article{soares2019matching,
  title={Matching the Blanks: Distributional Similarity for Relation Learning},
  author={Soares, Livio Baldini and FitzGerald, Nicholas and Ling, Jeffrey and Kwiatkowski, Tom},
  journal={arXiv preprint arXiv:1906.03158},
  year={2019}
}
